@article{tuttoscienze,
author = "Trusolino L.",  	
title = "Caccia all'interruttore anti-tumori",
journal = "TuttoScienze",
year = "2011"
}

@book{tesiB,
author = "Maione F.",
title = "Identificazione di biomarcatori predittivi di risposta alla terapia con anticorpi monoclonali anti-EGFR (Cetuximab) nel trattamento delle metastasi epatiche da tumore colorettale: un approccio chirurgico ex-vivo",
publisher = "Universit\`a degli studi di Torino",
year = "2009",
}

@book{libroDjango,
author = "Holovaty A., Kaplan-Moss J.",
title = "The definitive guide to django - Web development done right",
publisher = "Apress",
year = "2008",
}

@book{libroDB,
author = "Atzeni P., Ceri S., Paraboschi S., Torlone R.",
title = "Basi di dati - Seconda Edizione",
publisher = "McGraw-Hill",
year = "2007",
}

@book{tesiPL,
author = "Pagliasotto L.",
title = "Analisi e realizzazione di un sistema informativo per la gestione di protocolli sperimentali di ricerca clinica",
publisher = "Politecnico di Torino",
year = "2008",
}

@article{cancerArticle,
author = "Dangles-Marie V., Pocard M., Richon S., Weiswald L., Assayag F., Saulnier P., Judde J., Janneau J., Auger N., Validire P., Dutrillaux B., Praz F., Bellet D., Poupon M.",
title = "Establishment of human colon cancer cell lines from fresh tumors versus xenografts: comparison of success rate and cell line features",
journal = "Cancer Res",
year = "2007",
}

@article{irccArticle1,
author = "Bertotti A., Migliardi G., Galimi F., Sassi F., Torti D., Isella C., Cor\`a D., Di Nicolantonio F., Buscarino M.,  Petti C., Ribero D., Russolillo N., Muratore A., Massucco P., Pisacane A., Molinaro L., Valtorta E., Sartore-Bianchi A., Risio M., Capussotti L., Gambacorta M., Siena S., Medico E., Sapino A., Marsoni S., Comoglio P., Bardelli A., Trusolino L.",
title = "A molecularly annotated platform of patient-derived xenografts ('xenopatients') identifies HER2 as an effective therapeutic target in cetuximab-resistant colorectal cancer",
journal = "Cancer Discovery",
year = "2011",
}

@article{irccArticle2,
author = "Galimi F., Torti D., Sassi F., Isella C., Cor\`a D., Gastaldi S., Ribero D., Muratore A., Massucco P., Siatis D., Paraluppi G., Gonella F., Maione F., Pisacane A., David E., Torchio B., Risio M., Salizzoni M., Capussotti L., Perera T., Medico E., Di Renzo M., Comoglio P., Trusolino L., Bertotti A.",
title = "Genetic and Expression Analysis of MET, MACC1, and HGF in Metastatic Colorectal Cancer: Response to Met Inhibition in Patient Xenografts and Pathologic Correlations",
journal = "Clinical Cancer Research",
year = "2011",
}


@book{defC,
author = "Kumar V., Abbas A. K., Fausto N., Mitchell R.",
title = "Robbins Basic Pathology",
publisher = "Saunders/Elsevier",
year = "2007",
}

@misc{slideDB,
title = {Basi di Dati - Slide},
note = {\url{http://dbdmg.polito.it/wordpress/teaching/basi-di-dati/}}
}

@book{wikiWA,
author = "Shklar L., Rosen R.",
title = "Web Application Architecture: Principles, Protocols and Practices",
publisher = "John Wiley and Sons, Ltd",
year = "2009",
}

@book{wikiUML,
author = "Miles R, Hamilton K.",
title = "Learning UML 2.0",
publisher = "O'Reilly",
year = "2006",
}

@book{gantt,
author = "Stanley E. Portny",
title = "Project Management For Dummies",
publisher = "Wiley Publishing Inc.",
year = "2010",
}

@book{uml,
author = "Fowler M.",
title = "UML Distilled -Terza Edizione",
publisher = "Pearson Addison Wesley",
year = "2004,
}

@misc{wikiAPI,
title = {Wikipedia EN - Application Programming Interface},
note = {\url{http://en.wikipedia.org/wiki/Application_programming_interface}}
}

@misc{piston,
title = {Django Piston Home},
note = {\url{https://bitbucket.org/jespern/django-piston/wiki/Home}}
}

@misc{pdf,
title = {Pisa XHTML2PDF},
note = {\url{http://www.xhtml2pdf.com/}}
}

@misc{csv,
title = {CSV\&Python},
note = {\url{http://docs.python.org/library/csv.html#csv.writer}}
}

@misc{audit,
title = {Django Audit Trail},
note = {\url{http://code.djangoproject.com/wiki/AuditTrail}}
}

@misc{mongoDB,
title = {MongoDB},
note = {\url{http://www.mongodb.org/}}
}

@misc{django,
title = {Tutorial Django},
note = {\url{https://docs.djangoproject.com/en/dev/intro/tutorial01/}}
}

@misc{djangoD,
title = {Django Home Page},
note = {\url{https://www.djangoproject.com/}}
}